@inproceedings{MaSaul09,
 author = {Ma, Justin and Saul, Lawrence K. and Savage, Stefan and Voelker, Geoffrey M.},
 title = {Beyond blacklists: learning to detect malicious web sites from suspicious URLs},
 booktitle = {KDD '09: Proceedings of the 15th ACM SIGKDD international conference on Knowledge discovery and data mining},
 year = {2009},
 isbn = {978-1-60558-495-9},
 pages = {1245--1254},
 location = {Paris, France},
 doi = {http://doi.acm.org/10.1145/1557019.1557153},
 publisher = {ACM},
 address = {New York, NY, USA},
 }


@InProceedings{LikarishJung09,
  author = 	 {Likarish, Peter and Jung, Eunjin (EJ) and Jo, Insoon},
  title = 	 {Malicious Javascript Detection using Classification Technique},
  booktitle = {The 4th International Malicious and Unwanted Software (Malware 2009)},
  year = 	 {2009},
  month = 	 {October}
}

@inproceedings{ProvosMavrommatis09,
 author = {Provos, Niels and Mavrommatis, Panayiotis and Rajab, Moheeb Abu and Monrose, Fabian},
 title = {All your iFRAMEs point to Us},
 booktitle = {SS'08: Proceedings of the 17th conference on Security symposium},
 year = {2008},
 pages = {1--15},
 location = {San Jose, CA},
 publisher = {USENIX Association},
 address = {Berkeley, CA, USA},
 }

@article{HouChang10,
 author = {Hou, Yung-Tsung and Chang, Yimeng and Chen, Tsuhan and Laih, Chi-Sung and Chen, Chia-Mei},
 title = {Malicious web content detection by machine learning},
 journal = {Expert Syst. Appl.},
 volume = {37},
 number = {1},
 year = {2010},
 issn = {0957-4174},
 pages = {55--60},
 doi = {http://dx.doi.org/10.1016/j.eswa.2009.05.023},
 publisher = {Pergamon Press, Inc.},
 address = {Tarrytown, NY, USA},
 }

@InProceedings{WhittakerRyner10,
  author = 	 {Whittaker, Colin and Ryner, Brian and Nazif, Maria},
  title = 	 {Large-Scale Automatic Classification of Phishing Pages},
  booktitle = {NDSS},
  year = 	 {2010}
}

